%\http://tex.stackexchange.com/questions/8332/undefined-citation-warnings
%\http://en.wikipedia.org/wiki/BibTeX

@Book{mcInterchange,
	author	= "Mastercard Worldwide",
	title	= "Benefits of Open Payment Systems and the Role of Interchange",
	publisher = "Mastercard Worldwide",
	year	= "2008",
	address = "Purchase, NY",
	note	= {\url{http://www.mastercard.com/us/company/en/docs/BENEFITS%20OF%20ELECTRONIC%20PAYMENTS%20-%20US%20EDITION.pdf}}
}

@techreport{BCStesting,
	author	= "Specialist Intrest Group in Software Testing",
	title 	= "Standard for Software Component Testing",
	institution= "British Computer Society",
	year	= "2001",
	note	= {\url {www.testingstandards.co.uk}}
}

@Article{NoBullet,
	author	= "Frederick P. Brooks, Jr.",
	title	= "No Silver Bullet",
	journal = "Computer",
	year	= "1987",
	volume	= "20",
	number	= "4",
	pages	= "10 - 19"
}


